<record><leader>00000cas a22000007a 4500</leader><controlfield tag="001">17294638</controlfield><controlfield tag="008">871231d18661883ohuir ne      0    0eng d</controlfield><datafield ind1=" " ind2=" " tag="010"><subfield code="a">sn 87076992 </subfield></datafield><datafield ind1=" " ind2=" " tag="040"><subfield code="a">ONP</subfield><subfield code="b">eng</subfield><subfield code="c">ONP</subfield><subfield code="d">OCLCQ</subfield></datafield><datafield ind1=" " ind2=" " tag="042"><subfield code="a">msc</subfield></datafield><datafield ind1="0" ind2=" " tag="130"><subfield code="a">Springfield tri-weekly republic (Springfield, Ohio : 1866)</subfield></datafield><datafield ind1="1" ind2="0" tag="245"><subfield code="a">Springfield tri-weekly republic.</subfield></datafield><datafield ind1=" " ind2=" " tag="260"><subfield code="a">Springfield, Ohio :</subfield><subfield code="b">Hastings &amp; Nichols</subfield></datafield><datafield ind1=" " ind2=" " tag="300"><subfield code="a">v.</subfield></datafield><datafield ind1=" " ind2=" " tag="310"><subfield code="a">Triweekly</subfield></datafield><datafield ind1="1" ind2=" " tag="362"><subfield code="a">Began in Jan. 1866; ceased in 1883.</subfield></datafield><datafield ind1=" " ind2=" " tag="580"><subfield code="a">Daily eds.: Springfield daily republic (Springfield, Ohio : 1860), 1866-1872; Springfield daily republic and advertiser, 1872-1872; and Springfield daily republic (Springfield, Ohio : 1873), 1873-1883.</subfield></datafield><datafield ind1=" " ind2=" " tag="588"><subfield code="a">Description based on: Vol. 27, no. 60 (May 21, 1866).</subfield></datafield><datafield ind1=" " ind2="4" tag="651"><subfield code="a">Springfield (Ohio)</subfield><subfield code="v">Newspapers.</subfield></datafield><datafield ind1=" " ind2="4" tag="651"><subfield code="a">Clark County (Ohio)</subfield><subfield code="v">Newspapers.</subfield></datafield><datafield ind1=" " ind2=" " tag="752"><subfield code="a">United States</subfield><subfield code="b">Ohio</subfield><subfield code="c">Clark</subfield><subfield code="d">Springfield.</subfield></datafield><datafield ind1="0" ind2=" " tag="775"><subfield code="t">Springfield weekly republic (Springfield, Ohio : 1866)</subfield><subfield code="w">(DLC)sn 83035410</subfield></datafield><datafield ind1="1" ind2=" " tag="775"><subfield code="t">Springfield daily republic (Springfield, Ohio : 1866)</subfield><subfield code="w">(DLC)sn 83035408</subfield></datafield><datafield ind1="1" ind2=" " tag="775"><subfield code="t">Springfield daily republic and advertiser</subfield><subfield code="w">(DLC)sn 87076915</subfield></datafield><datafield ind1="1" ind2=" " tag="775"><subfield code="t">Springfield daily republic (Springfield, Ohio : 1873)</subfield><subfield code="w">(DLC)sn 85026267</subfield></datafield><datafield ind1="0" ind2="0" tag="780"><subfield code="t">Springfield tri-weekly news and republic</subfield></datafield><datafield ind1="1" ind2=" " tag="029"><subfield code="a">AU@</subfield><subfield code="b">000025803701</subfield></datafield></record>